@article{lees2010theoretical,
  title={Theoretical maximum capacity as benchmark for empty vehicle redistribution in personal rapid transit},
  author={Lees-Miller, John and Hammersley, John and Wilson, R},
  journal={Transportation Research Record: Journal of the Transportation Research Board},
  number={2146},
  pages={76--83},
  year={2010},
  publisher={Transportation Research Board of the National Academies}
}


@misc{Datablad_Acc,
  title={Small, Low Power, 3 Axis +- 3 g Accelerometer, ADXL335},
  author={Analog Devices},
  note = {Accelerometer datasheet},
  url = {https://www.sparkfun.com/datasheets/Components/SMD/adxl335.pdf},
  pages={16},
  year={2009},
  publisher={Analog Devices}
}

@misc{Datablad_Pres,
  title={BMP280 Digital Pressure Sensor},
  author={Bosch Sensortec},
  note = {Pressure sensor datasheet},
  url = {https://ae-bst.resource.bosch.com/media/_tech/media/datasheets/BST-BMP280-DS001.pdf},
  pages={49},
  year={2018},
  publisher={Bosch Sensortec}
}

@misc{Bibliotek_pres,
  title={Adafruit BMP280 Library},
  note = {Adafruit BMP280 Library},
  url = https://github.com/adafruit/Adafruit_BMP280_Library/tree/master/.github,
}



@misc{Datablad_Arduino,
  title={ATmega328},
  author={Atmel},
  note = {Arduino datasheet},
  url = {https://www.sparkfun.com/datasheets/Components/SMD/ATMega328.pdf},
  pages={452},
  year={2009},
  publisher={Atmel coorporation}
}


@misc{Altitude_acc,
  title={Interface BME280 Temperature, Humidity & Pressure Sensor with Arduino},
  author={Last minute engineers},
  url = {https://lastminuteengineers.com/bme280-arduino-tutorial/},
  publisher={Last minute engineers}
}


